<?xml version="1.0" encoding="UTF-8"?><collection xmlns="http://www.loc.gov/MARC21/slim"><record><leader>00546nam--2200169-u-4500</leader><controlfield tag="001">000052802</controlfield><controlfield tag="002">20161230</controlfield><controlfield tag="005">20161230201050</controlfield><controlfield tag="008">101104s1000------------r-----000-0-eng-d</controlfield><datafield ind1=" " ind2=" " tag="040"><subfield code="a">IFIN-HH</subfield></datafield><datafield ind1=" " ind2=" " tag="080"><subfield code="a">677.521(061.3):666.1(061.3)</subfield></datafield><datafield ind1="1" ind2=" " tag="110"><subfield code="a">Spie</subfield></datafield><datafield ind1="1" ind2="0" tag="245"><subfield code="a">Fiber optics. seminar in depth</subfield><subfield code="b">Seminar proceedings, april 29-30, 1968, baltimore, maryland</subfield></datafield><datafield ind1=" " ind2=" " tag="260"><subfield code="a">Los Angeles</subfield><subfield code="b">Society Of Photo-optical Instumentation Engineers</subfield><subfield code="c">1968</subfield></datafield><datafield ind1=" " ind2=" " tag="490"><subfield code="a">Spie Seminar Proceedings</subfield><subfield code="v">Vol. 14</subfield></datafield><datafield ind1=" " ind2=" " tag="852"><subfield code="a">42261</subfield><subfield code="c">535</subfield></datafield><datafield ind1=" " ind2=" " tag="CAT"><subfield code="a">Sys</subfield><subfield code="c">20101104</subfield><subfield code="h">155207</subfield></datafield></record></collection>